@article{Subramaniyam2020,
      title={Causal coupling inference from multivariate time series based on ordinal partition transition networks}, 
      author={N. P. Subramaniyam and R. V. Donner and D. Caron and G. Panuccio and J. Hyttinen},
      journal = {Nonlinear Dynamics},
      year={in review},
      note = {arXiv preprint 2010.00948},
}

@Article{Lange2013,
author={Lange, H. and Rosso, O. A. and Hauhs, M.},
title={Ordinal pattern and statistical complexity analysis of daily stream flow time series},
journal={Eur. Phys. J. S.T.},
year={2013},
volume={222},
number={2},
pages={535-552},
doi={10.1140/epjst/e2013-01858-3},
}

