@article{Roessler1976,
	Author = {O. E. R{\"o}ssler},
	Journal = {Phys. Lett. A},
	Number = {5},
	Pages = {397--398},
	Title = {An equation for continuous chaos},
	Volume = {57},
	Year = {1976},
	doi={10.1016/0375-9601(76)90101-8},
	}


@article{kowalskiPhyD2007,
title = "Bandt-Pompe approach to the classical-quantum transition",
journal = "Physica D",
volume = "233",
number = "1",
pages = "21 - 31",
year = "2007",
doi = "https://doi.org/10.1016/j.physd.2007.06.015",
author = "A.M. Kowalski and M.T. Martín and A. Plastino and O.A. Rosso",
}

@article{Nicolis2005,
author = {Nicolis, G. and Cantu, A. G. and Nicolis, C.},
doi = {10.1142/S0218127405014167},
issn = {0218-1274},
journal = {Int. J. Bifurc. Chaos},
month = {nov},
number = {11},
pages = {3467--3480},
title = {{Dynamical aspects of interaction networks}},
volume = {15},
year = {2005}
}

@article{Zhang2006,
author = {Zhang, J. and Small, M.},
doi = {10.1103/PhysRevLett.96.238701},
journal = {Phys. Rev. Lett.},
month = {jun},
number = {23},
pages = {238701},
title = {Complex Network from Pseudoperiodic Time Series: Topology versus Dynamics},
volume = {96},
year = {2006}
}

@incollection{Nunez2012,
author = {Nu{\~{n}}ez, A. and Lacasa, L. and Patricio, J. and Luque, B.},
booktitle = {New Front. Graph Theory},
chapter = {6},
doi = {10.5772/34810},
month = {mar},
pages = {119--152},
publisher = {InTech},
title = {{Visibility Algorithms: A Short Review}},
year = {2012}
}

@article{Lacasa2008,
author = {Lacasa, L. and Luque, B. and Ballesteros, F. and Luque, J. and Nuno, J. C.},
doi = {10.1073/pnas.0709247105},
isbn = {1091-6490},
issn = {0027-8424},
journal = {Proc. Natl. Acad. Sci.},
month = {apr},
number = {13},
pages = {4972--4975},
title = {{From time series to complex networks: The visibility graph}},
volume = {105},
year = {2008}
}

@article{Donner2010a,
author = {Donner, R. V. and Zou, Y. and Donges, J. F. and Marwan, N. and Kurths, J. },
doi = {10.1088/1367-2630/12/3/033025},
issn = {1367-2630},
journal = {New J. Phys.},
month = {mar},
number = {3},
pages = {033025},
title = {{Recurrence networks --- a novel paradigm for nonlinear time series analysis}},
volume = {12},
year = {2010}
}


@book{Sprott2003,
	Author = {J. C. Sprott},
	Publisher = {Oxford University Press, Oxford},
	Title = {Chaos and Time-Series Analysis},
	Year = {2003}
	}


@article{olivaresPhyA2012,
title = "Ambiguities in Bandt-Pompe's methodology for local entropic quantifiers",
journal = "Physica A",
volume = "391",
number = "8",
pages = "2518 - 2526",
year = "2012",
doi = "https://doi.org/10.1016/j.physa.2011.12.033",
author = "F. Olivares and A. Plastino and O. A. Rosso",
}

@article{CostaADPhy2007,
author = { L. da F.   Costa  and  F. A.   Rodrigues  and  G.   Travieso  and  P. R.   Villas Boas },
title = {Characterization of complex networks: A survey of measurements},
journal = {Advances in Physics},
volume = {56},
number = {1},
pages = {167-242},
year = {2007},
doi = {10.1080/00018730601170527},
}


@article{kowalskiEntropy2011, 
title = {Distances in Probability Space and the Statistical Complexity Setup}, 
author = {A. M. Kowalski and M. T. Martin and A. Plastino and O. A. Rosso and M. Casas},
journal = {Entropy}, 
year = {2011}, 
volume = {13}, 
pages = {1055-1075}, 
doi   = {10.3390/e13061055}, 
 }

@article{MarwanPLA2009,
title = "Complex network approach for recurrence analysis of time series",
journal = "Phys. Lett. A",
volume = "373",
number = "46",
pages = "4246 - 4254",
year = "2009",
doi = "https://doi.org/10.1016/j.physleta.2009.09.042",
author = "N. Marwan and J. F. Donges and Y. Zou and R. V. Donner and J. Kurths",
}

@article{Read_jfm_1992,
    title = {Quasi-periodic and chaotic flow regimes in a thermally driven, rotating fluid a
nnulus},
    author = {P. L.  Read and M. J.  Bel and D. W.  Johnson and R. M.  Small},
    journal= {Journal of Fluid Mechanics},
    volume = {238},
    year   = {1992},
    pages  = {599-632},
    number = {},
}

@Article{ZouEPJST2008,
author="Zou, Y. and Thiel, M. and Romano, M.C. and Read, P.L. and Kurths, J.",
title="Recurrence analysis of quasiperiodicity in experimental fluid data",
journal="Eur. Phys. J. Spec. Top.",
year="2008",
month="Oct",
volume="164",
number="1",
pages="23--33",
}

@article{smallCSF2002, 
title = "Uncovering non-linear structure in human ECG recordings", 
journal = "Chaos, Solitons \& Fractals",
volume = "13",
number = "8",
pages = "1755 - 1762",
year = "2002",
doi = "https://doi.org/10.1016/S0960-0779(01)00168-0",
author = "M. Small and D.J. Yu and J. Simonotto and R. G. Harrison and N. Grubb and K.A.A Fox",
}


@article{martinPhyA2006,
title = "Generalized statistical complexity measures: Geometrical and analytical properties",
journal = "Physica A",
volume = "369",
number = "2",
pages = "439 - 462",
year = "2006",
doi = "https://doi.org/10.1016/j.physa.2005.11.053",
author = "M.T. Martin and A. Plastino and O. A. Rosso",
}

@article{rossoPRL2007,
  title = {Distinguishing Noise from Chaos},
  author = {Rosso, O. A. and Larrondo, H. A. and Martin, M. T. and Plastino, A. and Fuentes, M. A.},
  journal = {Phys. Rev. Lett.},
  volume = {99},
  issue = {15},
  pages = {154102},
  numpages = {4},
  year = {2007},
  month = {Oct},
  publisher = {American Physical Society},
  doi = {10.1103/PhysRevLett.99.154102},
 }

@article{MartinPLA2003,
title = "Statistical complexity and disequilibrium",
journal = "Phys. Lett. A",
volume = "311",
number = "2",
pages = "126 - 132",
year = "2003",
issn = "0375-9601",
doi = "https://doi.org/10.1016/S0375-9601(03)00491-2",
author = "M.T. Martin and A Plastino and O. A. Rosso",
}

@article{BorgesAMC2019,
title = "Learning and distinguishing time series dynamics via ordinal patterns transition graphs",
journal = "Applied Mathematics and Computation",
volume = "362",
pages = "124554",
year = "2019",
issn = "0096-3003",
doi = "https://doi.org/10.1016/j.amc.2019.06.068",
url = "http://www.sciencedirect.com/science/article/pii/S0096300319305375",
author = "J. B. Borges and H. S. Ramos and R. A.F. Mini and O. A. Rosso and A. C. Frery and A. A. F. Loureiro",
}

@article{Riedl2013, 
author = {Riedl, M. and M\"uller, A. and Wessel, N.}, 
year = {2013}, 
title = {Practical considerations of permutation entropy}, 
Journal = {Eur. Phys. J. Spec. Top.}, 
pages = {249 -- 262}, 
volume = {222}, 
issue = {2}, 
doi = {10.1140/epjst/e2013-01862-7}, 
}

@article{McCullough2017b,
author = {McCullough, M and Small, M and Iu, H H C and Stemler, T},
doi = {10.1098/rsta.2016.0292},
journal = {Philos. Trans. R. Soc. A Math. Phys. Eng. Sci.},
month = {jun},
number = {2096},
pages = {20160292},
publisher = {The Royal Society},
title = {{Multiscale ordinal network analysis of human cardiac dynamics}},
volume = {375},
year = {2017}
}

@article{zhangSciRep2017,
author ={Zhang, J. Y.  and Zhou, J. and Tang, M. and Guo, H. and Small, M. and Zou, Y.},
year    ={2017},
title      ={Constructing ordinal partition transition networks from multivariate time series},
journal ={Scientific Reports},
pages  ={7795},
volume = {7},
issue    ={1},
DOI     ={10.1038/s41598-017-08245-x},
}

@article{LopezPLA1995,
title = "A statistical measure of complexity",
journal = "Phys. Lett. A",
volume = "209",
number = "5",
pages = "321 - 326",
year = "1995",
issn = "0375-9601",
doi = "https://doi.org/10.1016/0375-9601(95)00867-5",
url = "http://www.sciencedirect.com/science/article/pii/0375960195008675",
author = "R. L\'opez-Ruiz and H. L. Mancini and X. Calbet",
}

@article{RossoPRE2007,
  title = {Extracting features of Gaussian self-similar stochastic processes via the Bandt-Pompe approach},
  author = {Rosso, O. A. and Zunino, L. and P\'erez, D. G. and Figliola, A. and Larrondo, H. A. and Garavaglia, M. and Mart\'{\i}n, M. T. and Plastino, A.},
  journal = {Phys. Rev. E},
  volume = {76},
  issue = {6},
  pages = {061114},
  year = {2007},
  doi = {10.1103/PhysRevE.76.061114},
}

@article{hanCNSNS2011,
title = "Bursting oscillations in Duffing's equation with slowly changing external forcing",
journal = "Commun. Nonlinear Sci. Numer. Simul.",
volume = "16",
number = "10",
pages = "4146 - 4152",
year = "2011",
issn = "1007-5704",
doi = "https://doi.org/10.1016/j.cnsns.2011.02.021",
url = "http://www.sciencedirect.com/science/article/pii/S1007570411000967",
author = "Xiujing Han and Qinsheng Bi",
}

@article{mirolloJSP1990,
author = {Mirollo, Renato E. and Strogatz, Steven H},
year = {1990}, 
title = {Amplitude death in an array of limit-cycle oscillators}, 
journal = {J. Stat. Phys.}, 
pages = {245 - 262}, 
volume = {60},
number = {1}, 
doi = {10.1007/BF01013676}, 
}

@article{koseskaPR2013,
title = "Oscillation quenching mechanisms: Amplitude vs. oscillation death",
journal = "Physics Reports",
volume = "531",
number = "4",
pages = "173 - 199",
year = "2013",
doi = "https://doi.org/10.1016/j.physrep.2013.06.001",
author = "Aneta Koseska and Evgeny Volkov and Jï¿½rgen Kurths",
}

@article{saxenaPR2012,
title = "Amplitude death: The emergence of stationarity in coupled nonlinear systems",
journal = "Physics Reports",
volume = "521",
number = "5",
pages = "205 - 228",
year = "2012",
doi = "https://doi.org/10.1016/j.physrep.2012.09.003",
author = "Garima Saxena and Awadhesh Prasad and Ram Ramaswamy",
}

@article{zouPR2018, 
author = {Zou, Y. and Donner, R. V. and Marwan, N. and Donges, J. F. and Kurths, J.}, 
title  = {Complex network approaches to nonlinear time series analysis}, 
journal = {Physics Reports}, 
year="2019",
volume="787",
number="",
pages="1-97",
doi="10.1016/j.physrep.2018.10.005",
}

@article{hanPRE2015,
  title = {Fast-slow analysis for parametrically and externally excited systems with two slow rationally related excitation frequencies},
  author = {Han, Xiujing and Bi, Qinsheng and Ji, Peng and Kurths, J\"urgen},
  journal = {Phys. Rev. E},
  volume = {92},
  issue = {1},
  pages = {012911},
  numpages = {12},
  year = {2015},
  doi = {10.1103/PhysRevE.92.012911},
}

@article{hanCNSNS2019,
title = "Frequency-truncation fast-slow analysis for parametrically and externally excited systems with two slow incommensurate excitation frequencies",
journal = "Commun. Nonlinear Sci. Numer. Simul.",
volume = "72",
pages = "16 - 25",
year = "2019",
issn = "1007-5704",
doi = "https://doi.org/10.1016/j.cnsns.2018.12.007",
author = {Xiujing Han and Yang Liu and Qinsheng Bi and J\"urgen Kurths},
}

@article{hanPRE2018,
  title = {Route to bursting via pulse-shaped explosion},
  author = {Han, Xiujing and Bi, Qinsheng and Kurths, J\"urgen},
  journal = {Phys. Rev. E},
  volume = {98},
  issue = {1},
  pages = {010201},
  numpages = {5},
  year = {2018},
  doi = {10.1103/PhysRevE.98.010201},
  url = {https://link.aps.org/doi/10.1103/PhysRevE.98.010201}
}

@article{rubinPRE2018,
  title = {Natural extension of fast-slow decomposition for dynamical systems},
  author = {Rubin, J. E. and Krauskopf, B. and Osinga, H. M.},
  journal = {Phys. Rev. E},
  volume = {97},
  issue = {1},
  pages = {012215},
  numpages = {10},
  year = {2018},
  doi = {10.1103/PhysRevE.97.012215},
  url = {https://link.aps.org/doi/10.1103/PhysRevE.97.012215}
}

@article{kasthuriChaos2019,
author = {Kasthuri, Praveen  and Unni, Vishnu R.  and Sujith, R. I. },
title = {Bursting and mixed mode oscillations during the transition to limit cycle oscillations in a matrix burner},
journal = {Chaos},
volume = {29},
number = {4},
pages = {043117},
year = {2019},
doi = {10.1063/1.5095401},
URL = {https://doi.org/10.1063/1.5095401},
}


@article{osingaDCDS2012,
author = {Hinke M. Osinga and Arthur Sherman and Krasimira Tsaneva-Atanasova},
title = {Cross-currents between biology and mathematics: The co-dimension of pseudo-plateau bursting},
journal = {Discrete \& Continuous Dynamical Systems - A},
volume = {32},
number = {8}, 
pages = {2853 - 2877},
year = {2012},
doi = {10.3934/dcds.2012.32.2853},
}

@article{ZhangPRL2006,
        Author = {J. Zhang and M. Small},
        Doi = {10.1103/PhysRevLett.96.238701},
        Journal = {{Phys. Rev. Lett.}},
        Number = {{23}},
        Pages = {238701},
        Title = {{Complex network from pseudoperiodic time series: Topology versus dynamics}},
        Volume = {{96}},
        Year = {{2006}},
        Bdsk-Url-1 = {http://dx.doi.org/10.1103/PhysRevLett.96.238701}}

@article{XuPNAS2008,
author = {Xu, Xiaoke and Zhang, Jie and Small, Michael}, 
title = {Superfamily phenomena and motifs of networks induced from time series},
volume = {105}, 
number = {50}, 
pages = {19601-19605}, 
year = {2008}, 
doi = {10.1073/pnas.0806082105}, 
journal = {Proc. Natl. Acad. Sci. USA},  
}

@article{StephenPlosO2015,
    author = {Stephen, Mutua AND Gu, Changgui AND Yang, Huijie},
    journal = {PLOS ONE},
    title = {Visibility Graph Based Time Series Analysis},
    year = {2015},
    month = {11},
    volume = {10},
    pages = {1-19},
    number = {11},
    doi = {10.1371/journal.pone.0143015}
}

@article{MutuaChaos2016,
author = {Stephen Mutua and Changgui Gu and Huijie Yang},
title = {Visibility graphlet approach to chaotic time series},
journal = {Chaos},
volume = {26},
number = {5},
pages = {053107},
year = {2016},
doi = {10.1063/1.4951681},
}


@article{McCulloughChaos2017,
author = {M. McCullough and K. Sakellariou and T. Stemler and M. Small},
title = {Regenerating time series from ordinal networks},
journal = {Chaos},
volume = {27},
number = {3},
pages = {035814},
year = {2017},
doi = {10.1063/1.4978743},
}


@article{Barabasi_rmp2002,
  title = {Statistical mechanics of complex networks},
  author = {Albert, R\'eka and Barab\'asi, Albert-L\'aszl\'o},
  journal = {Rev. Mod. Phys.},
  volume = {74},
  issue = {1},
  pages = {47--97},
  year = {2002},
  month = {Jan},
  doi = {10.1103/RevModPhys.74.47},
}

@article{gaoChaos2017,
author = {Zhong-Ke Gao and Wei-Dong Dang and Yu-Xuan Yang and Qing Cai},
title = {Multiplex multivariate recurrence network from multi-channel signals for revealing oil-water spatial flow behavior},
journal = {Chaos},
volume = {27},
number = {3},
pages = {035809},
year = {2017},
doi = {10.1063/1.4977950},
}


@article{BarreiroChaos2011,
author = {M. Barreiro and A. C. Marti and C. Masoller},
title = {Inferring long memory processes in the climate network via ordinal pattern analysis},
journal = {Chaos},
volume = {21},
number = {1},
pages = {013101},
year = {2011},
doi = {10.1063/1.3545273},
}

@article{PompePRE2011,
  title = {Momentary information transfer as a coupling measure of time series},
  author = {Pompe, B. and Runge, J.},
  journal = {Phys. Rev. E},
  volume = {83},
  issue = {5},
  pages = {051122},
  numpages = {12},
  year = {2011},
  month = {May},
  doi = {10.1103/PhysRevE.83.051122},
}
@article{ZaninChaos2008,
author = {M. Zanin},
title = {Forbidden patterns in financial time series},
journal = {Chaos},
volume = {18},
number = {1},
pages = {013119},
year = {2008},
doi = {10.1063/1.2841197},
}

@article {AmigoPTRSA2014,
        author = {Amig{\'o}, J. M. and Keller, K. and Unakafova, V. A.},
        title = {Ordinal symbolic analysis and its application to biomedical recordings},
        volume = {373},
        number = {2034},
        pages  = {20140091}, 
        year = {2014},
        doi = {10.1098/rsta.2014.0091},
        abstract = {Ordinal symbolic analysis opens an interesting and powerful perspective on time-series analysis. Here, we review this relatively new approach and highlight its relation to symbolic dynamics and representations. Our exposition reaches from the general ideas up to recent developments, with special emphasis on its applications to biomedical recordings. The latter will be illustrated with epilepsy data.},
        journal = {Phil. Trans. R. Soc. A}
}


@Article{RossoEPJB2012,
author="Rosso, O. A. and Carpi, L. C. and Saco, P. M. and Ravetti, M. G. and Larrondo, H. A. and Plastino, A.",
title="The {A}mig{\'o} paradigm of forbidden/missing patterns: a detailed analysis",
journal="Eur. Phys. J. B",
year="2012",
volume="85",
number="12",
pages="419",
doi="10.1140/epjb/e2012-30307-8",
}

@article{RossoPhyA2012,
title = {Causality and the entropy-complexity plane: {R}obustness and missing ordinal patterns},
journal = "Physica A",
volume = "391",
number = "1ï¿½2",
pages = "42 - 55",
year = "2012",
doi = "http://dx.doi.org/10.1016/j.physa.2011.07.030",
author = "O. A. Rosso and L. C. Carpi and P. M. Saco and M. G. Ravetti and A. Plastino and H. A. Larrondo",
}

@article{AmigoPhsD2008,
title = "Forbidden ordinal patterns in higher dimensional dynamics",
journal = "Physica D",
volume = "237",
number = "22",
pages = "2893 - 2899",
year = "2008",
doi = "http://dx.doi.org/10.1016/j.physd.2008.05.003",
author = "J. M. Amig\'o and Matthew B. Kennel",
}

@article{AmigoEPL2008,
  author={J. M. Amig\'o and S. Zambrano and M. A. F. Sanju\'an},
  title={Combinatorial detection of determinism in noisy time series},
  journal={Europhys. Lett.},
  volume={83},
  number={6},
  pages={60005},
  year={2008},
  doi = {https://doi.org/10.1209/0295-5075/83/60005},
}

@article{AmigoEPL2007,
  author={J. M. Amig\'o and S. Zambrano and M. A. F. Sanju\'an},
  title={True and false forbidden patterns in deterministic and random dynamics},
  journal={Europhys. Lett.},
  volume={79},
  number={5},
  pages={50001},
  year={2007},
  doi = {https://doi.org/10.1209/0295-5075/79/50001},
}


@article{SakellariouChaos2016,
author = {K. Sakellariou and M. McCullough and T. Stemler and M. Small},
title = {Counting forbidden patterns in irregularly sampled time series. {II}. Reliability in the presence of highly irregular sampling},
journal = {Chaos},
volume = {26},
number = {12},
pages = {123104},
year = {2016},
doi = {10.1063/1.4970483},
}

@article{McCulloughChaos2016,
author = {M. McCullough and K. Sakellariou and T. Stemler and M. Small},
title = {Counting forbidden patterns in irregularly sampled time series. {I}. The effects of under-sampling, random depletion, and timing jitter},
journal = {Chaos},
volume = {26},
number = {12},
pages = {123103},
year = {2016},
doi = {10.1063/1.4968551},
}

@article{KulpChaos2014,
author = {C. W. Kulp and L. Zunino},
title = {Discriminating chaotic and stochastic dynamics through the permutation spectrum test},
journal = {Chaos},
volume = {24},
number = {3},
pages = {033116},
year = {2014},
doi = {10.1063/1.4891179},
}


@article{KulpChaos2016,
author = {C. W. Kulp and J. M. Chobot and H. R. Freitas and G. D. Sprechini},
title = {Using ordinal partition transition networks to analyze {ECG} data},
journal = {Chaos},
volume = {26},
number = {7},
pages = {073114},
year = {2016},
doi = {10.1063/1.4959537},
}

@article{KulpChaos2016b,
author = {C. W. Kulp and J. M. Chobot and B. J. Niskala and C. J. Needhammer},
title = {Using forbidden ordinal patterns to detect determinism in irregularly sampled time series},
journal = {Chaos},
volume = {26},
number = {2},
pages = {023107},
year = {2016},
doi = {10.1063/1.4941674},
}


@article{MichaelChaos2015,
author = {M. McCullough and M. Small and T. Stemler and H. Ho-Ching Iu},
title = {Time lagged ordinal partition networks for capturing dynamics of continuous dynamical systems},
journal = {Chaos},
volume = {25},
number = {5},
pages = {053101},
year = {2015},
doi = {10.1063/1.4919075},
}

@article{BandtPRL2002,
   author = {{Bandt}, C. and {Pompe}, B.},
    title = {Permutation Entropy: A Natural Complexity Measure for Time Series},
  journal = {Phys. Rev. Lett.},
     year = 2002,
   volume = 88,
   number = 17,
    pages = {174102},
      doi = {10.1103/PhysRevLett.88.174102},
}

@article {bandtJTSA2007,
author = {Bandt, C. and Shiha, F.},
title = {Order Patterns in Time Series},
journal = {J. Time Ser. Anal.},
volume = {28},
number = {5},
doi = {10.1111/j.1467-9892.2007.00528.x},
pages = {646--665},
year = {2007},
}


@Article{ParlitzSPJST2013,
author="Parlitz, U. and Suetani, H. and Luther, S.",
title="Identification of equivalent dynamics using ordinal pattern distributions",
journal="Eur. Phys. J. S.T.",
year="2013",
volume="222",
number="2",
pages="553--568",
doi="10.1140/epjst/e2013-01859-2",
}

@incollection{Takens1981,
	year = {1981},
	publisher = {Springer, New York},
	author = {F. Takens},
	title = {{Detecting strange attractors in turbulence}},
	series = {Lecture Notes in Mathematics},
	volume = {898},
	booktitle = {Dynamical Systems and Turbulence, Warwick 1980},
	editor = {D.A. Rand and L.-S. Young},
	pages = {366--381},
	doi = {10.1007/BFb0091924},
}


@BOOK{Kantz97,
 author   = {H. Kantz and T. Schreiber},
 title    = {Nonlinear Time Series Analysis},
 year     = {2004},
 publisher={Cambridge University Press, Cambridge},
 edition  = {Second},
 }

